010210430172017021220170212201702120006759CIELO03PEC1838              001                                                                                                                                                                                 
110210430170170211     01170211170313000000+0000000001000-0000000000025+0000000000000+0000000000975010400006000030000293080000000140000000 170211  0000000000000 000000000+0000000000000001170421200180386000000002450000000000178207510040               
210210430170170211498408******194500020170211+00000000010000000   841126                    09646300000000000001600000000000000000000000000000000000000078207510                      08330717042120018038600000000001000                                 
110210430175170211     01170211170213000000+0000000039500-0000000000869+0000000000000+0000000038631010400006000030000293080000000141000000 170211  0000000000000 000000000+0000000000000001170421160037469000000002200000000000152856324041               
210210430175170211498408******118200020170211+00000000395000000   132319                    11481700000000000001600000000000000000000000000000000000000052856324                      08583917042116003746900000000001000                                 
110210430175170211     01170211170213000000+0000000006264-0000000000138+0000000000000+0000000006126010400006000030000293080000000141000000 170211  0000000000000 000000000+0000000000000001170421160037470000000002200000000000178207510041               
210210430175170211498453******789200020170211+00000000062640000   240694                    09646600000000000001600000000000000000000000000000000000000078207510                      11181317042116003747000000000001000                                 
110210430175170211     01170211170213000000+0000000006960-0000000000153+0000000000000+0000000006807010400006000030000293080000000141000000 170211  0000000000000 000000000+0000000000000001170421120151575000000002200000000000178207510041               
210210430175170211498453******789200020170211+00000000069600000   139897                    09646500000000000001600000000000000000000000000000000000000078207510                      11045617042112015157500000000001000                                 
110210430175170211     01170211170213000000+0000000001000-0000000000022+0000000000000+0000000000978010400006000030000293080000000141000000 170211  0000000000000 000000000+0000000000000001170421120151576000000002200000000000178920087041               
210210430175170211483042******520800020170211+00000000010000000   165342                    32171200000000000001600000000000000000000000000000000000000078920087                      11331217042112015157600000000001000                                 
110210430175170211     01170211170213000000+0000000001000-0000000000022+0000000000000+0000000000978010400006000030000293080000000141000000 170211  0000000000000 000000000+0000000000000001170421120151577000000002200000000000178920088041               
210210430175170211493102******550500020170211+00000000010000000   164438                    36571200000000000001600000000000000000000000000000000000000078920088                      10003817042112015157700000000001000                                 
110210430175170211     01170211170213000000+0000000005600-0000000000123+0000000000000+0000000005477010400006000030000293080000000141000000 170211  0000000000000 000000000+0000000000000001170421130114444000000002200000000000179026078041               
210210430175170211400176******611100020170211+00000000056000000   244133                    48089100000000000001600000000000000000000000000000000000000079026078                      12153217042113011444400000000001000                                 
110210430170170210     01170210170313000000+0000000001000-0000000000025+0000000000000+0000000000975010400006000030000293080000000110000000 170211  0000000000000 000000000+0000000000000002170425140223075000000002450000000000178207510010               
210210430170170210552289******238000020170210+00000000010000000   006759                    09646100000000000001600000000000000000000000000000000000000078207510                      16513517042514022307500000000001000                                 
110210430175170211     01170211170213000000+0000000041536-0000000000914+0000000000000+0000000040622010400006000030000293080000000111000000 170211  0000000000000 000000000+0000000000000002170425010281686000000002200000000000178207510011               
210210430175170211554906******804300020170211+00000000415360000   460860                    09646400000000000001600000000000000000000000000000000000000078207510                      10415017042501028168600000000001000                                 
900000000018                                                                                                                                                                                                                                              
